@manual{lab3-manual,
    author = {Hui Hu},
    title = {Pressure Transducer Calibration},
    year = {2024},
    organization = {Iowa State University},
    url = {https://www.aere.iastate.edu/~huhui/teaching/2024-01S/AerE344/lab-instruction/AerE344L-Pre-Lab-03.pdf},
}